001  0000134
005  20180822155517.396
008  170704s||||     bl|||||||||||||||||por|u
020    $a9788571606746
040    $aPorto Alegre$bpor
080    $282-93-Verde$a1997
090    $a82-93-Verde$bS714p$c1 ed.
100 1  $aSorrenti, Neusa
245 10 $aPequenas alegrias$cNeusa Sorrenti
260    $aBelo Horizonte$bMazza Edições$c2016
300    $a24 p.
490 0  $v1 ed.
650    $aLiteratura brasileira
650    $aLiteratura infanto-juvenil
